@Misc{krl,
	author = {Peter Dauscher and Thomas Uthmann},
	title = {Kurzskript Reinforcement Learning},
	howpublished = {http://www.staff.uni-mainz.de/dauscher/softcomp/rlscript.pdf [gesehen am 9.6.2012]},
	year = {2011},
}

@Book{rli,
	author = {Richard S. Sutton and Andrew G. Barto},
	title = {Reinforcement Learning: An Introduction },
	publisher = {The MIT Press},
	year = {2005}
}


